@article{spalding1997new,
  title={\href{https://doi.org/10.1007/s003380050078}{New estimates of global and regional coral reef areas}},
  author={Spalding, Mark and Grenfell, AM},
  journal={Coral Reefs},
  volume={16},
  number={4},
  pages={225--230},
  year={1997},
  publisher={Springer}
}

@article{lamy2016three,
  title={\href{https://doi.org/10.1007/s00338-015-1371-2}{Three decades of recurrent declines and recoveries in corals belie ongoing change in fish assemblages}},
  author={Lamy, T and Galzin, R and Kulbicki, Michel and Lison de Loma, T and Claudet, J},
  journal={Coral Reefs},
  volume={35},
  number={1},
  pages={293--302},
  year={2016},
  publisher={Springer}
}

@article{lyons2024new,
  title={\href{https://doi.org/10.1016/j.crsus.2024.100015}{New global area estimates for coral reefs from high-resolution mapping}},
  author={Lyons, Mitchell B and Murray, Nicholas J and Kennedy, Emma V and Kovacs, Eva M and Castro-Sanguino, Carolina and Phinn, Stuart R and Acevedo, Rodney Borrego and Alvarez, Alexandra Ordo{\~n}ez and Say, Chantel and Tudman, Paul and others},
  journal={Cell Reports Sustainability},
  year={2024},
  publisher={Elsevier}
}

@article{walther2009alien,
  title={\href{https://doi.org/10.1016/j.tree.2009.06.008}{Alien species in a warmer world: risks and opportunities}},
  author={Walther, Gian-Reto and Roques, Alain and Hulme, Philip E and Sykes, Martin T and Py{\v{s}}ek, Petr and K{\"u}hn, Ingolf and Zobel, Martin and Bacher, Sven and Botta-Duk{\'a}t, Zolt{\'a}n and Bugmann, Harald and others},
  journal={Trends in Ecology \& Evolution},
  volume={24},
  number={12},
  pages={686--693},
  year={2009},
  publisher={Elsevier}
}