@article{spalding1997new,
  title={\href{https://doi.org/10.1007/s003380050078}{New estimates of global and regional coral reef areas}},
  author={Spalding, Mark and Grenfell, AM},
  journal={Coral Reefs},
  volume={16},
  number={4},
  pages={225--230},
  year={1997},
  publisher={Springer}
}