@article{spalding1997new,
  title={\href{https://doi.org/10.1007/s003380050078}{New estimates of global and regional coral reef areas}},
  author={Spalding, Mark and Grenfell, AM},
  journal={Coral Reefs},
  volume={16},
  number={4},
  pages={225--230},
  year={1997},
  publisher={Springer}
}

@article{lamy2016three,
  title={\href{https://doi.org/10.1007/s00338-015-1371-2}{Three decades of recurrent declines and recoveries in corals belie ongoing change in fish assemblages}},
  author={Lamy, T and Galzin, R and Kulbicki, Michel and Lison de Loma, T and Claudet, J},
  journal={Coral Reefs},
  volume={35},
  number={1},
  pages={293--302},
  year={2016},
  publisher={Springer}
}